@inproceedings{Eucalyptus,
 author = {Nurmi, Daniel and Wolski, Rich and Grzegorczyk, Chris and Obertelli, Graziano and Soman, Sunil and Youseff, Lamia and Zagorodnov, Dmitrii},
 title = {The Eucalyptus Open-Source Cloud-Computing System},
 booktitle = {Proceedings of the 2009 9th IEEE/ACM International Symposium on Cluster Computing and the Grid},
 series = {CCGRID '09},
 year = {2009},
 isbn = {978-0-7695-3622-4},
 pages = {124--131},
 numpages = {8},
 url = {http://dx.doi.org/10.1109/CCGRID.2009.93},
 doi = {http://dx.doi.org/10.1109/CCGRID.2009.93},
 acmid = {1577895},
 publisher = {IEEE Computer Society},
 address = {Washington, DC, USA},
 keywords = {cloud computing, virtualization},
} 
